@misc{Biryukov:Perrin:Udovenko:2015,
    author      = {Biryukov, Alex and Perrin, Léo and Udovenko, Aleksei},
    title       = {The Secret Structure of the S-Box of Streebog, Kuznechik and Stribob},
    howpublished    = {Cryptology ePrint Archive: Report 2015/812},
    publisher   = {IACR},
    organization    = {International Association for Cryptologic Research},
    year        = {2015},
    url     = {https://eprint.iacr.org/2015/812},
    language    = {English},
}

@reference{GOST-R:34.12-2015,
    title       = {Информационная технология. Криптографическая защита информации. Блочные шифры},
    media       = {text},
    subtitle    = {ГОСТ Р 34.12-2015},
    specdata    = {Введ. 01.01.2016},
    location    = {М.},
    publisher   = {Стандартинформ},
    year        = {2015},
    pagetotal   = {25},
    series      = {Национальный стандарт Российской Федерации},
    url     = {http://protect.gost.ru/document.aspx?control=7&id=200990},
    language    = {Russian},
}
